@misc{codigofacilito-ruby,
	author = {Código Facilito},
	title = {Curso de Ruby Básico Gratis},
	howpublished = "\url{https://codigofacilito.com/cursos/ruby}"
}

@misc{codigofacilito-rails,
	author = {Código Facilito},
	title = {Curso de Ruby on Rails 4 Gratis},
	howpublished = "\url{https://codigofacilito.com/cursos/rails}"
}

@misc{librosweb-rails,
	author = {LibrosWeb},
	title= {Introducción a Ruby on Rails},
	howpublished = "\url{https://librosweb.es/libro/introduccion_rails/}"
}

@misc{youtube-coffee,
	author = {Siro Días Palazón},
	title= {CoffeeScript desde 0},
	howpublished = "\url{https://www.youtube.com/playlist?list=PLf46te__lS1_ZLn9ZnPyMUNx0Hen9z5CX}"
}

@misc{angular,
	author = {Angular},
	title= {Tutorial: Tour of Heroes},
	howpublished = "\url{https://angular.io/tutorial}"
}

@misc{youtube-react,
	author = {Simon Vrachliotis},
	title= {ReactJS Beginner Series},
	howpublished = "\url{https://www.youtube.com/watch?v=DGtNLoY64ZQ&list=PLHrxuCR-0CcT7hgVVlh0lBWTqYkEEF55m}"
}